%YAML 1.1
%TAG !u! tag:unity3d.com,2011:
--- !u!1 &7613494588981951389
GameObject:
  m_ObjectHideFlags: 0
  m_CorrespondingSourceObject: {fileID: 0}
  m_PrefabInstance: {fileID: 0}
  m_PrefabAsset: {fileID: 0}
  serializedVersion: 6
  m_Component:
  - component: {fileID: 7613494588981951378}
  - component: {fileID: 7613494588981951376}
  - component: {fileID: 7613494588981951379}
  m_Layer: 5
  m_Name: HealthFill
  m_TagString: Untagged
  m_Icon: {fileID: 0}
  m_NavMeshLayer: 0
  m_StaticEditorFlags: 0
  m_IsActive: 1
--- !u!224 &7613494588981951378
RectTransform:
  m_ObjectHideFlags: 0
  m_CorrespondingSourceObject: {fileID: 0}
  m_PrefabInstance: {fileID: 0}
  m_PrefabAsset: {fileID: 0}
  m_GameObject: {fileID: 7613494588981951389}
  m_LocalRotation: {x: -0, y: -0, z: -0, w: 1}
  m_LocalPosition: {x: 0, y: 0, z: 0}
  m_LocalScale: {x: 1, y: 1, z: 1}
  m_Children: []
  m_Father: {fileID: 7613494589669941019}
  m_RootOrder: 0
  m_LocalEulerAnglesHint: {x: 0, y: 0, z: 0}
  m_AnchorMin: {x: 0, y: 0}
  m_AnchorMax: {x: 1, y: 1}
  m_AnchoredPosition: {x: -0.010002136, y: 0.10000038}
  m_SizeDelta: {x: -7.5, y: -7.87}
  m_Pivot: {x: 0.5, y: 0.5}
--- !u!222 &7613494588981951376
CanvasRenderer:
  m_ObjectHideFlags: 0
  m_CorrespondingSourceObject: {fileID: 0}
  m_PrefabInstance: {fileID: 0}
  m_PrefabAsset: {fileID: 0}
  m_GameObject: {fileID: 7613494588981951389}
  m_CullTransparentMesh: 0
--- !u!114 &7613494588981951379
MonoBehaviour:
  m_ObjectHideFlags: 0
  m_CorrespondingSourceObject: {fileID: 0}
  m_PrefabInstance: {fileID: 0}
  m_PrefabAsset: {fileID: 0}
  m_GameObject: {fileID: 7613494588981951389}
  m_Enabled: 1
  m_EditorHideFlags: 0
  m_Script: {fileID: 11500000, guid: fe87c0e1cc204ed48ad3b37840f39efc, type: 3}
  m_Name: 
  m_EditorClassIdentifier: 
  m_Material: {fileID: 0}
  m_Color: {r: 1, g: 0.11694221, b: 0, a: 1}
  m_RaycastTarget: 1
  m_OnCullStateChanged:
    m_PersistentCalls:
      m_Calls: []
  m_Sprite: {fileID: 21300000, guid: 1267b7c66eb4def4195b821e0dc57aca, type: 3}
  m_Type: 3
  m_PreserveAspect: 0
  m_FillCenter: 1
  m_FillMethod: 0
  m_FillAmount: 1
  m_FillClockwise: 1
  m_FillOrigin: 0
  m_UseSpriteMesh: 0
  m_PixelsPerUnitMultiplier: 1
--- !u!1 &7613494589016652792
GameObject:
  m_ObjectHideFlags: 0
  m_CorrespondingSourceObject: {fileID: 0}
  m_PrefabInstance: {fileID: 0}
  m_PrefabAsset: {fileID: 0}
  serializedVersion: 6
  m_Component:
  - component: {fileID: 7613494589016652798}
  - component: {fileID: 7613494589016652793}
  m_Layer: 0
  m_Name: BossHolder
  m_TagString: Untagged
  m_Icon: {fileID: 0}
  m_NavMeshLayer: 0
  m_StaticEditorFlags: 0
  m_IsActive: 1
--- !u!4 &7613494589016652798
Transform:
  m_ObjectHideFlags: 0
  m_CorrespondingSourceObject: {fileID: 0}
  m_PrefabInstance: {fileID: 0}
  m_PrefabAsset: {fileID: 0}
  m_GameObject: {fileID: 7613494589016652792}
  m_LocalRotation: {x: 0, y: 0, z: 0, w: 1}
  m_LocalPosition: {x: 63.225555, y: 14.1333065, z: -0.20000002}
  m_LocalScale: {x: 1, y: 1, z: 1}
  m_Children:
  - {fileID: 5514516384440256252}
  - {fileID: 7613494589710878127}
  m_Father: {fileID: 0}
  m_RootOrder: 0
  m_LocalEulerAnglesHint: {x: 0, y: 0, z: 0}
--- !u!114 &7613494589016652793
MonoBehaviour:
  m_ObjectHideFlags: 0
  m_CorrespondingSourceObject: {fileID: 0}
  m_PrefabInstance: {fileID: 0}
  m_PrefabAsset: {fileID: 0}
  m_GameObject: {fileID: 7613494589016652792}
  m_Enabled: 1
  m_EditorHideFlags: 0
  m_Script: {fileID: 11500000, guid: 50c17e7fba9523d43b0b6b1744baedfc, type: 3}
  m_Name: 
  m_EditorClassIdentifier: 
  boss: {fileID: 5516099841864453970}
--- !u!1 &7613494589669941018
GameObject:
  m_ObjectHideFlags: 0
  m_CorrespondingSourceObject: {fileID: 0}
  m_PrefabInstance: {fileID: 0}
  m_PrefabAsset: {fileID: 0}
  serializedVersion: 6
  m_Component:
  - component: {fileID: 7613494589669941019}
  - component: {fileID: 7613494589669941017}
  - component: {fileID: 7613494589669941016}
  - component: {fileID: 7613494589669941022}
  m_Layer: 5
  m_Name: BossHP
  m_TagString: Untagged
  m_Icon: {fileID: 0}
  m_NavMeshLayer: 0
  m_StaticEditorFlags: 0
  m_IsActive: 1
--- !u!224 &7613494589669941019
RectTransform:
  m_ObjectHideFlags: 0
  m_CorrespondingSourceObject: {fileID: 0}
  m_PrefabInstance: {fileID: 0}
  m_PrefabAsset: {fileID: 0}
  m_GameObject: {fileID: 7613494589669941018}
  m_LocalRotation: {x: -0, y: -0, z: -0, w: 1}
  m_LocalPosition: {x: 0, y: 0, z: 0}
  m_LocalScale: {x: 0.02, y: 0.02, z: 0.05}
  m_Children:
  - {fileID: 7613494588981951378}
  m_Father: {fileID: 7613494589710878127}
  m_RootOrder: 0
  m_LocalEulerAnglesHint: {x: 0, y: 0, z: 0}
  m_AnchorMin: {x: 0.5, y: 1}
  m_AnchorMax: {x: 0.5, y: 1}
  m_AnchoredPosition: {x: -333.56, y: -434.84}
  m_SizeDelta: {x: 157.245, y: 35.85}
  m_Pivot: {x: 0.5, y: 0.5}
--- !u!222 &7613494589669941017
CanvasRenderer:
  m_ObjectHideFlags: 0
  m_CorrespondingSourceObject: {fileID: 0}
  m_PrefabInstance: {fileID: 0}
  m_PrefabAsset: {fileID: 0}
  m_GameObject: {fileID: 7613494589669941018}
  m_CullTransparentMesh: 0
--- !u!114 &7613494589669941016
MonoBehaviour:
  m_ObjectHideFlags: 0
  m_CorrespondingSourceObject: {fileID: 0}
  m_PrefabInstance: {fileID: 0}
  m_PrefabAsset: {fileID: 0}
  m_GameObject: {fileID: 7613494589669941018}
  m_Enabled: 1
  m_EditorHideFlags: 0
  m_Script: {fileID: 11500000, guid: fe87c0e1cc204ed48ad3b37840f39efc, type: 3}
  m_Name: 
  m_EditorClassIdentifier: 
  m_Material: {fileID: 0}
  m_Color: {r: 0.9811321, g: 0.9811321, b: 0.9811321, a: 1}
  m_RaycastTarget: 1
  m_OnCullStateChanged:
    m_PersistentCalls:
      m_Calls: []
  m_Sprite: {fileID: 21300000, guid: f8f919528929444d38fb2c14ee234bb1, type: 3}
  m_Type: 1
  m_PreserveAspect: 0
  m_FillCenter: 1
  m_FillMethod: 4
  m_FillAmount: 1
  m_FillClockwise: 0
  m_FillOrigin: 0
  m_UseSpriteMesh: 0
  m_PixelsPerUnitMultiplier: 1
--- !u!114 &7613494589669941022
MonoBehaviour:
  m_ObjectHideFlags: 0
  m_CorrespondingSourceObject: {fileID: 0}
  m_PrefabInstance: {fileID: 0}
  m_PrefabAsset: {fileID: 0}
  m_GameObject: {fileID: 7613494589669941018}
  m_Enabled: 1
  m_EditorHideFlags: 0
  m_Script: {fileID: 11500000, guid: 9b2c222a9449e3648aefd19a3faa7133, type: 3}
  m_Name: 
  m_EditorClassIdentifier: 
  boss: {fileID: 5514516384440256252}
--- !u!1 &7613494589710878123
GameObject:
  m_ObjectHideFlags: 0
  m_CorrespondingSourceObject: {fileID: 0}
  m_PrefabInstance: {fileID: 0}
  m_PrefabAsset: {fileID: 0}
  serializedVersion: 6
  m_Component:
  - component: {fileID: 7613494589710878127}
  - component: {fileID: 7613494589710878126}
  - component: {fileID: 7613494589710878121}
  - component: {fileID: 7613494589710878120}
  m_Layer: 5
  m_Name: Canvas
  m_TagString: Untagged
  m_Icon: {fileID: 0}
  m_NavMeshLayer: 0
  m_StaticEditorFlags: 0
  m_IsActive: 1
--- !u!224 &7613494589710878127
RectTransform:
  m_ObjectHideFlags: 0
  m_CorrespondingSourceObject: {fileID: 0}
  m_PrefabInstance: {fileID: 0}
  m_PrefabAsset: {fileID: 0}
  m_GameObject: {fileID: 7613494589710878123}
  m_LocalRotation: {x: -0, y: -0, z: -0, w: 1}
  m_LocalPosition: {x: 0, y: 0, z: 0.20000002}
  m_LocalScale: {x: 1, y: 1, z: 1}
  m_Children:
  - {fileID: 7613494589669941019}
  m_Father: {fileID: 7613494589016652798}
  m_RootOrder: 1
  m_LocalEulerAnglesHint: {x: 0, y: 0, z: 0}
  m_AnchorMin: {x: 0, y: 0}
  m_AnchorMax: {x: 0, y: 0}
  m_AnchoredPosition: {x: 335.77444, y: 210.3667}
  m_SizeDelta: {x: 798, y: 449}
  m_Pivot: {x: 0.5, y: 0.5}
--- !u!223 &7613494589710878126
Canvas:
  m_ObjectHideFlags: 0
  m_CorrespondingSourceObject: {fileID: 0}
  m_PrefabInstance: {fileID: 0}
  m_PrefabAsset: {fileID: 0}
  m_GameObject: {fileID: 7613494589710878123}
  m_Enabled: 1
  serializedVersion: 3
  m_RenderMode: 2
  m_Camera: {fileID: 0}
  m_PlaneDistance: 100
  m_PixelPerfect: 0
  m_ReceivesEvents: 1
  m_OverrideSorting: 0
  m_OverridePixelPerfect: 0
  m_SortingBucketNormalizedSize: 0
  m_AdditionalShaderChannelsFlag: 0
  m_SortingLayerID: -1500747051
  m_SortingOrder: 0
  m_TargetDisplay: 0
--- !u!114 &7613494589710878121
MonoBehaviour:
  m_ObjectHideFlags: 0
  m_CorrespondingSourceObject: {fileID: 0}
  m_PrefabInstance: {fileID: 0}
  m_PrefabAsset: {fileID: 0}
  m_GameObject: {fileID: 7613494589710878123}
  m_Enabled: 1
  m_EditorHideFlags: 0
  m_Script: {fileID: 11500000, guid: 0cd44c1031e13a943bb63640046fad76, type: 3}
  m_Name: 
  m_EditorClassIdentifier: 
  m_UiScaleMode: 0
  m_ReferencePixelsPerUnit: 100
  m_ScaleFactor: 1
  m_ReferenceResolution: {x: 800, y: 600}
  m_ScreenMatchMode: 0
  m_MatchWidthOrHeight: 0
  m_PhysicalUnit: 3
  m_FallbackScreenDPI: 96
  m_DefaultSpriteDPI: 96
  m_DynamicPixelsPerUnit: 1
--- !u!114 &7613494589710878120
MonoBehaviour:
  m_ObjectHideFlags: 0
  m_CorrespondingSourceObject: {fileID: 0}
  m_PrefabInstance: {fileID: 0}
  m_PrefabAsset: {fileID: 0}
  m_GameObject: {fileID: 7613494589710878123}
  m_Enabled: 1
  m_EditorHideFlags: 0
  m_Script: {fileID: 11500000, guid: dc42784cf147c0c48a680349fa168899, type: 3}
  m_Name: 
  m_EditorClassIdentifier: 
  m_IgnoreReversedGraphics: 1
  m_BlockingObjects: 0
  m_BlockingMask:
    serializedVersion: 2
    m_Bits: 0
--- !u!114 &7613494590323937124
MonoBehaviour:
  m_ObjectHideFlags: 0
  m_CorrespondingSourceObject: {fileID: 0}
  m_PrefabInstance: {fileID: 0}
  m_PrefabAsset: {fileID: 0}
  m_GameObject: {fileID: 5516099841864453970}
  m_Enabled: 1
  m_EditorHideFlags: 0
  m_Script: {fileID: 11500000, guid: 19386683611c4dd47940d068325208d6, type: 3}
  m_Name: 
  m_EditorClassIdentifier: 
  player: {fileID: 0}
  bossRb: {fileID: 5516099841864453981}
  isFlipped: 0
--- !u!1001 &7613494590128557618
PrefabInstance:
  m_ObjectHideFlags: 0
  serializedVersion: 2
  m_Modification:
    m_TransformParent: {fileID: 7613494589016652798}
    m_Modifications:
    - target: {fileID: 2676703236757635424, guid: 15113dbd24d4ce04a99cd7375bc53d1f,
        type: 3}
      propertyPath: m_Name
      value: Boss
      objectReference: {fileID: 0}
    - target: {fileID: 2676703236757635424, guid: 15113dbd24d4ce04a99cd7375bc53d1f,
        type: 3}
      propertyPath: m_IsActive
      value: 1
      objectReference: {fileID: 0}
    - target: {fileID: 2679623717500913870, guid: 15113dbd24d4ce04a99cd7375bc53d1f,
        type: 3}
      propertyPath: m_LocalPosition.x
      value: 2.49
      objectReference: {fileID: 0}
    - target: {fileID: 2679623717500913870, guid: 15113dbd24d4ce04a99cd7375bc53d1f,
        type: 3}
      propertyPath: m_LocalPosition.y
      value: -2.31
      objectReference: {fileID: 0}
    - target: {fileID: 2679623717500913870, guid: 15113dbd24d4ce04a99cd7375bc53d1f,
        type: 3}
      propertyPath: m_LocalPosition.z
      value: 0.20000002
      objectReference: {fileID: 0}
    - target: {fileID: 2679623717500913870, guid: 15113dbd24d4ce04a99cd7375bc53d1f,
        type: 3}
      propertyPath: m_LocalRotation.x
      value: -0
      objectReference: {fileID: 0}
    - target: {fileID: 2679623717500913870, guid: 15113dbd24d4ce04a99cd7375bc53d1f,
        type: 3}
      propertyPath: m_LocalRotation.y
      value: -0
      objectReference: {fileID: 0}
    - target: {fileID: 2679623717500913870, guid: 15113dbd24d4ce04a99cd7375bc53d1f,
        type: 3}
      propertyPath: m_LocalRotation.z
      value: -0
      objectReference: {fileID: 0}
    - target: {fileID: 2679623717500913870, guid: 15113dbd24d4ce04a99cd7375bc53d1f,
        type: 3}
      propertyPath: m_LocalRotation.w
      value: 1
      objectReference: {fileID: 0}
    - target: {fileID: 2679623717500913870, guid: 15113dbd24d4ce04a99cd7375bc53d1f,
        type: 3}
      propertyPath: m_RootOrder
      value: 0
      objectReference: {fileID: 0}
    - target: {fileID: 2679623717500913870, guid: 15113dbd24d4ce04a99cd7375bc53d1f,
        type: 3}
      propertyPath: m_LocalEulerAnglesHint.x
      value: 0
      objectReference: {fileID: 0}
    - target: {fileID: 2679623717500913870, guid: 15113dbd24d4ce04a99cd7375bc53d1f,
        type: 3}
      propertyPath: m_LocalEulerAnglesHint.y
      value: 0
      objectReference: {fileID: 0}
    - target: {fileID: 2679623717500913870, guid: 15113dbd24d4ce04a99cd7375bc53d1f,
        type: 3}
      propertyPath: m_LocalEulerAnglesHint.z
      value: 0
      objectReference: {fileID: 0}
    - target: {fileID: 2679623717500913870, guid: 15113dbd24d4ce04a99cd7375bc53d1f,
        type: 3}
      propertyPath: m_LocalScale.x
      value: 2
      objectReference: {fileID: 0}
    - target: {fileID: 2679623717500913870, guid: 15113dbd24d4ce04a99cd7375bc53d1f,
        type: 3}
      propertyPath: m_LocalScale.y
      value: 2
      objectReference: {fileID: 0}
    - target: {fileID: 2679623717500913870, guid: 15113dbd24d4ce04a99cd7375bc53d1f,
        type: 3}
      propertyPath: m_LocalScale.z
      value: 1
      objectReference: {fileID: 0}
    - target: {fileID: 2676703236757635439, guid: 15113dbd24d4ce04a99cd7375bc53d1f,
        type: 3}
      propertyPath: m_BodyType
      value: 0
      objectReference: {fileID: 0}
    - target: {fileID: 2676703236757635439, guid: 15113dbd24d4ce04a99cd7375bc53d1f,
        type: 3}
      propertyPath: m_Constraints
      value: 4
      objectReference: {fileID: 0}
    - target: {fileID: 2676703236757635434, guid: 15113dbd24d4ce04a99cd7375bc53d1f,
        type: 3}
      propertyPath: UIBossHealth
      value: 
      objectReference: {fileID: 7613494588981951379}
    - target: {fileID: 2676703236757635434, guid: 15113dbd24d4ce04a99cd7375bc53d1f,
        type: 3}
      propertyPath: m_Enabled
      value: 1
      objectReference: {fileID: 0}
    - target: {fileID: 2676703236757635434, guid: 15113dbd24d4ce04a99cd7375bc53d1f,
        type: 3}
      propertyPath: levelLoader
      value: 
      objectReference: {fileID: 0}
    - target: {fileID: 2676703236757635437, guid: 15113dbd24d4ce04a99cd7375bc53d1f,
        type: 3}
      propertyPath: attackOffset.x
      value: -1.24
      objectReference: {fileID: 0}
    - target: {fileID: 2676703236757635437, guid: 15113dbd24d4ce04a99cd7375bc53d1f,
        type: 3}
      propertyPath: attackOffset.y
      value: 0.22
      objectReference: {fileID: 0}
    - target: {fileID: 2676703236757635437, guid: 15113dbd24d4ce04a99cd7375bc53d1f,
        type: 3}
      propertyPath: playerMask.m_Bits
      value: 512
      objectReference: {fileID: 0}
    - target: {fileID: 2676703236757635437, guid: 15113dbd24d4ce04a99cd7375bc53d1f,
        type: 3}
      propertyPath: bossAnim
      value: 
      objectReference: {fileID: 5610703777794477434}
    - target: {fileID: 2676703236757635437, guid: 15113dbd24d4ce04a99cd7375bc53d1f,
        type: 3}
      propertyPath: attackRange
      value: 0.8
      objectReference: {fileID: 0}
    - target: {fileID: 2870201891194670850, guid: 15113dbd24d4ce04a99cd7375bc53d1f,
        type: 3}
      propertyPath: m_SortingLayerID
      value: -1500747051
      objectReference: {fileID: 0}
    - target: {fileID: 2870201891194670850, guid: 15113dbd24d4ce04a99cd7375bc53d1f,
        type: 3}
      propertyPath: m_SortingLayer
      value: 2
      objectReference: {fileID: 0}
    - target: {fileID: 2870290509314239454, guid: 15113dbd24d4ce04a99cd7375bc53d1f,
        type: 3}
      propertyPath: m_SortingLayerID
      value: -1500747051
      objectReference: {fileID: 0}
    - target: {fileID: 2870290509314239454, guid: 15113dbd24d4ce04a99cd7375bc53d1f,
        type: 3}
      propertyPath: m_SortingLayer
      value: 2
      objectReference: {fileID: 0}
    - target: {fileID: 2870227127354936030, guid: 15113dbd24d4ce04a99cd7375bc53d1f,
        type: 3}
      propertyPath: m_SortingLayerID
      value: -1500747051
      objectReference: {fileID: 0}
    - target: {fileID: 2870227127354936030, guid: 15113dbd24d4ce04a99cd7375bc53d1f,
        type: 3}
      propertyPath: m_SortingLayer
      value: 2
      objectReference: {fileID: 0}
    - target: {fileID: 2869551868473237212, guid: 15113dbd24d4ce04a99cd7375bc53d1f,
        type: 3}
      propertyPath: m_SortingLayerID
      value: -1500747051
      objectReference: {fileID: 0}
    - target: {fileID: 2869551868473237212, guid: 15113dbd24d4ce04a99cd7375bc53d1f,
        type: 3}
      propertyPath: m_SortingLayer
      value: 2
      objectReference: {fileID: 0}
    - target: {fileID: 6190614405623639572, guid: 15113dbd24d4ce04a99cd7375bc53d1f,
        type: 3}
      propertyPath: m_SortingLayerID
      value: -1500747051
      objectReference: {fileID: 0}
    - target: {fileID: 6190614405623639572, guid: 15113dbd24d4ce04a99cd7375bc53d1f,
        type: 3}
      propertyPath: m_SortingLayer
      value: 2
      objectReference: {fileID: 0}
    - target: {fileID: 2869719260073274152, guid: 15113dbd24d4ce04a99cd7375bc53d1f,
        type: 3}
      propertyPath: m_SortingLayerID
      value: -1500747051
      objectReference: {fileID: 0}
    - target: {fileID: 2869719260073274152, guid: 15113dbd24d4ce04a99cd7375bc53d1f,
        type: 3}
      propertyPath: m_SortingLayer
      value: 2
      objectReference: {fileID: 0}
    - target: {fileID: 2868910438134805742, guid: 15113dbd24d4ce04a99cd7375bc53d1f,
        type: 3}
      propertyPath: m_SortingLayerID
      value: -1500747051
      objectReference: {fileID: 0}
    - target: {fileID: 2868910438134805742, guid: 15113dbd24d4ce04a99cd7375bc53d1f,
        type: 3}
      propertyPath: m_SortingLayer
      value: 2
      objectReference: {fileID: 0}
    m_RemovedComponents: []
  m_SourcePrefab: {fileID: 100100000, guid: 15113dbd24d4ce04a99cd7375bc53d1f, type: 3}
--- !u!1 &5516099841864453970 stripped
GameObject:
  m_CorrespondingSourceObject: {fileID: 2676703236757635424, guid: 15113dbd24d4ce04a99cd7375bc53d1f,
    type: 3}
  m_PrefabInstance: {fileID: 7613494590128557618}
  m_PrefabAsset: {fileID: 0}
--- !u!4 &5514516384440256252 stripped
Transform:
  m_CorrespondingSourceObject: {fileID: 2679623717500913870, guid: 15113dbd24d4ce04a99cd7375bc53d1f,
    type: 3}
  m_PrefabInstance: {fileID: 7613494590128557618}
  m_PrefabAsset: {fileID: 0}
--- !u!95 &5610703777794477434 stripped
Animator:
  m_CorrespondingSourceObject: {fileID: 2627192488885568328, guid: 15113dbd24d4ce04a99cd7375bc53d1f,
    type: 3}
  m_PrefabInstance: {fileID: 7613494590128557618}
  m_PrefabAsset: {fileID: 0}
--- !u!50 &5516099841864453981 stripped
Rigidbody2D:
  m_CorrespondingSourceObject: {fileID: 2676703236757635439, guid: 15113dbd24d4ce04a99cd7375bc53d1f,
    type: 3}
  m_PrefabInstance: {fileID: 7613494590128557618}
  m_PrefabAsset: {fileID: 0}
